<collection xmlns="http://www.loc.gov/MARC21/slim">
<record>
  <leader>01683nam0a22003251i 450 </leader>
  <controlfield tag="001">IT\ICCU\CNCE\030608</controlfield>
  <controlfield tag="005">20060309000000.0</controlfield>
  <datafield tag="012" ind1=" " ind2=" ">
    <subfield code="a">coam o.o, m.i. reIl (3) 1585 (R)</subfield>
    <subfield code="2">fei</subfield>
  </datafield>
  <datafield tag="100" ind1=" " ind2=" ">
    <subfield code="a">19971127d1585        0itac0103    ba</subfield>
  </datafield>
  <datafield tag="101" ind1=" " ind2=" ">
    <subfield code="a">LAT</subfield>
    <subfield code="a">ITA</subfield>
    <subfield code="a">FRE</subfield>
  </datafield>
  <datafield tag="102" ind1=" " ind2=" ">
    <subfield code="a">IT</subfield>
  </datafield>
  <datafield tag="200" ind1="1" ind2=" ">
    <subfield code="a">Italicae grammatices institutio a Scipione Lentulo Neapolitano conscripta. Huic nuper adiecimus interpretationem Gallicam tam nominum quam uerborum, caeterarumque ... Antonii Francisci Madij f. Patauini</subfield>
  </datafield>
  <datafield tag="205" ind1=" " ind2=" ">
    <subfield code="a">Quarta editio</subfield>
  </datafield>
  <datafield tag="210" ind1=" " ind2=" ">
    <subfield code="a">Patauii</subfield>
    <subfield code="c">apud Paulum Meietum</subfield>
    <subfield code="d">1585</subfield>
    <subfield code="e">Patauii</subfield>
    <subfield code="g">apud Paulum Meietum</subfield>
    <subfield code="h">1584</subfield>
  </datafield>
  <datafield tag="215" ind1=" " ind2=" ">
    <subfield code="a">\4!, 56 c.</subfield>
    <subfield code="d">4ʻ</subfield>
  </datafield>
  <datafield tag="620" ind1=" " ind2=" ">
    <subfield code="a">IT</subfield>
    <subfield code="d">Padova</subfield>
  </datafield>
  <datafield tag="700" ind1=" " ind2="1">
    <subfield code="a">Lentolo,</subfield>
    <subfield code="b">Scipione</subfield>
    <subfield code="3">IT\ICCU\CNCA\009075</subfield>
  </datafield>
  <datafield tag="702" ind1=" " ind2="1">
    <subfield code="a">Madius,</subfield>
    <subfield code="b">Antonius Franciscus</subfield>
    <subfield code="3">IT\ICCU\CNCA\020511</subfield>
  </datafield>
  <datafield tag="712" ind1="0" ind2="0">
    <subfield code="a">Meietti, Paolo</subfield>
    <subfield code="3">IT\ICCU\CNCT\000300</subfield>
    <subfield code="4">650</subfield>
  </datafield>
  <datafield tag="790" ind1=" " ind2="1">
    <subfield code="a">Lentulo,</subfield>
    <subfield code="b">Scipione</subfield>
    <subfield code="3">IT\ICCU\CNCA\020509</subfield>
    <subfield code="z">Lentolo, Scipione</subfield>
  </datafield>
  <datafield tag="790" ind1=" " ind2="1">
    <subfield code="a">Lentulus,</subfield>
    <subfield code="b">Scipio</subfield>
    <subfield code="3">IT\ICCU\CNCA\020510</subfield>
    <subfield code="z">Lentolo, Scipione</subfield>
  </datafield>
  <datafield tag="791" ind1="0" ind2="0">
    <subfield code="a">Megietti, Paolo</subfield>
    <subfield code="3">IT\ICCU\CNCT\003998</subfield>
    <subfield code="z">Meietti, Paolo</subfield>
  </datafield>
  <datafield tag="791" ind1="0" ind2="0">
    <subfield code="a">Miglietti, Paolo</subfield>
    <subfield code="3">IT\ICCU\CNCT\003999</subfield>
    <subfield code="z">Meietti, Paolo</subfield>
  </datafield>
  <datafield tag="791" ind1="0" ind2="0">
    <subfield code="a">Megietto, Paolo</subfield>
    <subfield code="3">IT\ICCU\CNCT\005150</subfield>
    <subfield code="z">Meietti, Paolo</subfield>
  </datafield>
  <datafield tag="791" ind1="0" ind2="0">
    <subfield code="a">Meietus, Paulus</subfield>
    <subfield code="3">IT\ICCU\CNCT\005151</subfield>
    <subfield code="z">Meietti, Paolo</subfield>
  </datafield>
  <datafield tag="791" ind1="0" ind2="0">
    <subfield code="a">Meietto, Paolo</subfield>
    <subfield code="3">IT\ICCU\CNCT\005152</subfield>
    <subfield code="z">Meietti, Paolo</subfield>
  </datafield>
  <datafield tag="801" ind1=" " ind2="3">
    <subfield code="a">IT</subfield>
    <subfield code="b">ICCU</subfield>
    <subfield code="c">20201114</subfield>
  </datafield>
  <datafield tag="899" ind1=" " ind2=" ">
    <subfield code="a">Biblioteca centrale della Regione siciliana Alberto Bombace. Palermo</subfield>
    <subfield code="1">PA0064</subfield>
    <subfield code="2">PAL BP</subfield>
  </datafield>
  <datafield tag="899" ind1=" " ind2=" ">
    <subfield code="a">Biblioteca del Seminario Vescovile della Facolt ̉Teologica del Triveneto dell&apos;Istituto Filosofico Aloisianum. Padova</subfield>
    <subfield code="1">PD0073</subfield>
    <subfield code="2">PUV 01</subfield>
  </datafield>
  <datafield tag="899" ind1=" " ind2=" ">
    <subfield code="a">Istituto culturale e di documentazione Lazzerini. Prato</subfield>
    <subfield code="1">PO0002</subfield>
    <subfield code="2">RT1 DA</subfield>
  </datafield>
</record>
</collection>
